@book{LaTeX,
	Author = {Lamport, Leslie},
	Date-Added = {2014-09-17 20:03:14 +0000},
	Date-Modified = {2014-09-17 20:06:08 +0000},
	Publisher = {Addison-Wesley Publishing Company},
	Title = {\protect{\LaTeX} A Document Preparation System},
	Address = {Reading, MA, EUA},
	Year = {1986}}

@book{hay82,
	Author = {Hay, William},
	Publisher = {Wiley \& Sons},
	Title = {Railroad Engineering},
	Address = {New York, NY, EUA},
	Year = {1982}}
	
@book{kop95,
	Author = {Kopka, Helmut and Daly, Patrick~W. },
	Publisher = {Addison-Wesley},
	Title = {A Guide to \protect{\LaTeX2e}},
	Address = {Wokingham, England},
	Year = {1995}}
	
@BOOK{epe13,
    	org-short = {EPE},
	Publisher = {Empresa de Pesquisa Energ\'etica},
	Title = {Anu\'ario Estat\'\i{}stico de Energia El\'etrica},
	Address = {Rio de Janeiro},
	Year = {2013}}

@BOOK{epe13b,
	Publisher = {Empresa de Pesquisa Energ\'etica},
	Title = {Anu\'ario Estat\'\i{}stico de Energia El\'etrica},
	Address = {Rio de Janeiro},
	Year = {2013}}
	
@INBOOK{epe13a,
	org-short = {EPE},
	Publisher = {Empresa de Pesquisa Energ\'etica},
	Title = {Anu\'ario Estat\'\i{}stico de Energia El\'etrica},
	Address = {Rio de Janeiro},
	Chapter = {2},
	Pages = {7, 21--35},
	Year = {2013}}

@inbook{kop95c3,
	Author = {Kopka, Helmut}, 
	Editor = {Daly, Patrick~W.},
	Publisher = {Addison-Wesley},
	Chapter = {3},
	Chaptertitle = {Fun with numbers},
	Title = {A Guide to Mathematical Fun},
	Address = {London, England},
	Year = {1995}}

@incollection{cop05c2,
	Author = {Coperg, Jr., N\'elio}, 
	Editor = {Dali{ }Neto, Salvador },
	Publisher = {Edison-Weslay},
	Chapter = {13},
	Chaptertitle = {Funny inequations},
	Title = {Funny Math: A Funny Guide},
	Address = {London, England},
	Year = {2005}}

@incollection{cope2005,
	Author = {Copeiro, Filho, N\'elio}, 
	Editor = {Salvador Dali{ }Neto},
	Publisher = {Addison-Wesley},
	Chapter = {12},
	Chaptertitle = {Funny equations},
	Title = {Funny Math: A Funny Guide},
	Address = {London, England},
	Year = {2005}}

@INPROCEEDINGS{mil2009,
	Author = {José Francisco Barbosa{ }Neto and Pythagoras von Samos}, 
	Title = {A New Approach to Funny Math},
	Booktitle = {Proc. of the 4th~Intl. Symp. on Funny Equations},
	Organization = {International Society for Funny Math},
	org-short = {ISFM},
	conference-location = {Las Palmas, Spain},
	Editor = {Salvador Dali},
	Pages = {1258--1269},
	Volume = {8},
	Series = {LNFM},
	Number = {451},
	Publisher = {Sprion},
	Address = {Madrid, Spain},
	Month = {Feb.},
	Year = {2009},
	Note = {(CD-ROM)}}
	
@INPROCEEDINGS {aut:06,
 	title    = {Some publication title},
 	author   = {da Silveira, Jr., John and da Silveira{ }Neto, John},
 	crossref = {conf:06},
	pages    = {330--331},
	Publisher = {Such Verlag},
	}
	
@PROCEEDINGS {conf:06,
 	editor    = {de Moreira, Paulo and da Siqueira, Pedro},
 	title     = {XXI Century Visions on XYZ},
 	booktitle = {Proceedings of the Xth Conference on XYZ}, 
	organization = {Some Society},
 	year      = 2006,
 	month     = {Oct.},
 	address	  = {Anytown, EUA},
	Publisher = {Such Verlag},
	}

@manual{epslatex06,
	author 	= {Keith Reckdahl},
	Title 	= {Using Imported Graphics in \protect{\LaTeX} and
			 pdf\protect{\LaTeX}},
	Year 	= {2006},
	Address = {CTAN.tug.org},
	organization = {\protect{\TeX} Users Group},
	note	= {Available at 
	\protect{\href{ftp://ctan.tug.org/tex-archive/info/epslatex.pdf}
	{\url{ftp://ctan.tug.org/tex-archive/info/epslatex.pdf}}}}
	}
	
@article{huey05,
	author = {Huey, J.~K. and P.~R. Dewey and Louey, M. and Cheatham, S.},
	title = {Reflections on the Importance of Being Earnest},
	journal = {IEEE Transactions on Reflective Power},
	volume = {43},
	pages = {55-59},
	year = 2005},
	}
	
@article{huey03,
	author = {Huey, J.~K. and P.~R. Dewey and Louey, M.},
	title = {Some Reflections on Being Earnest and Its Importance},
	journal = {Journal of Deep Thinking},
	volume = {3},
	pages = {15-25},
	year = 2003}
	
@techreport{gomez03,
	author		= {P. Gomez},
	title		= {My first work report},
	institution = {National Center for Work and Labor},
	year		= {2003},
	type		= {Research Report},
	number		= {FWR-3765A},
	address		= {Paris},
	month		= {Dez.},
	note		= {Circula\c c\~ao restrita},
	}
	
@techreport{dnit06,
	title		= {Relat\'orio de Gest\~ao da Coordena\c c\~ao Geral de Meio Ambiente},
	institution = {Departamento Nacional de Infraestrutura de Transportes},
	year		= {2012},
	type		= {Relatório},
	number		= {FWR-3765A},
	address		= {Bras\'\i{i}lia},
	month		= {Maio},
	}

@PHDTHESIS{cunha13,
	author	= {Affonso Pena Cunha},
	title	= {An\'alise fluxos de tr\'afego aleat\'orios},
	school	= {Universidade de S\~{a}o Paulo, Escola de
			   Engenharia de S\~{a}o Carlos},
	year	= {2013},
	url		= {http://www.teses.usp.br/},
	urlaccessdate = {21.3.2014},
	}
	
@MASTERSTHESIS{cunha09,
	author	= {Affonso Pena Cunha},
	title	= {Um m\'etodo para estudo de fluxos de tr\'afego aleat\'orios},
	school	= {Universidade de S\~{a}o Paulo, Escola de
			   Engenharia de S\~{a}o Carlos},
	year	= {2009},
	url		= {http://www.teses.usp.br/},
	urlaccessdate = {21.3.2014},
	}
	
@MISC{oli87,
	author	= {Pedro Oliveira},
	title	= {Meu primeiro documento em \protect{\LaTeX}},
	howpublished = {Relat\'orio de Inicia\c{c}\~{a}o Cient\'\i{}fica},
	note 	= {EESC-USP},
	year	= {1987},
	}

@misc{epsl,
	author 	= {Keith Reckdahl},
	Title 	= {Using Imported Graphics in \protect{\LaTeX}},
	Year 	= {2006},
	howpublished = {\protect{
		\href{ftp://ctan.tug.org/tex-archive/info/epslatex.pdf}
		{\url{ftp://ctan.tug.org/tex-archive/info/epslatex.pdf}}}},
	note 	= {Visitado em 21.9.2014},
	}
	
@book{kop2004,
	author = {Helmut Kopka and Patrick W. Daly},
	title = {Guide to \protect{\LaTeX}},
	year = {2004},
	edition = {4a},
	publisher = {Addison-Wesley},
	address = {Boston, EUA},
	}

@book{bring04,
	author = {Robert Bringhurst},
	title = {The Elements of Typographical Style},
	year = {2004},
	edition = {3a},
	publisher = {Hartley \& Marks},
	address = {Vancouver, Canad\'a},
	}
