@manual{OpenCV2016,
author = {OpenCV},
title = {{Geometric Image Transformations}},
note = {Available at \url{https://docs.opencv.org/2.4/modules/imgproc/doc/geometric_transformations.html#resize}},
year = {2016}
}

@manual{OpenCV2019,
author = {OpenCV},
title = {{Geometric Image Transformations}},
note = {Available at \url{https://docs.opencv.org/2.4/}},
year = {2019}
}


@Manual{Cambridge2019,
title = {Understanding Digital Image Interpolation},
author = {CambridgeInColour}, 
year = {2019},   
note = {Available at \url{http://www.cambridgeincolour.com/tutorials/image-interpolation.htm}}
}

@manual{Kodak2019,
author = {Steve Sasson},
title = {{We Had No Idea}},
note = {Available at \url{https://web.archive.org/web/20130121220935/http://pluggedin.kodak.com/pluggedin/post/?id=687843}},
year = {2007}
}

@phdthesis{marcomini2018,
	title={Automatic Identification of Traffic Behavior Using Video Images},
	author={Marcomini, Leandro Arab},
	year={2018},
	school={Universidade de SÃ£o Paulo.}
}

@inproceedings{saunier2006feature,
  title={A feature-based tracking algorithm for vehicles in intersections},
  author={Saunier, Nicolas and Sayed, Tarek},
  booktitle={The 3rd Canadian Conference on Computer and Robot Vision (CRV'06)},
  pages={59--59},
  year={2006},
  organization={IEEE}
}

@article{cavallaro2005tracking,
  title={Tracking video objects in cluttered background},
  author={Cavallaro, Andrea and Steiger, Olivier and Ebrahimi, Touradj},
  journal={IEEE transactions on circuits and systems for video technology},
  volume={15},
  number={4},
  pages={575--584},
  year={2005},
  publisher={IEEE}
}

@inproceedings{beymer1997real,
  title={A real-time computer vision system for measuring traffic parameters},
  author={Beymer, David and McLauchlan, Philip and Coifman, Benjamin and Malik, Jitendra},
  booktitle={Proceedings of IEEE computer society conference on computer vision and pattern recognition},
  pages={495--501},
  year={1997},
  organization={IEEE}
}

@article{coifman1998real,
  title={A real-time computer vision system for vehicle tracking and traffic surveillance},
  author={Coifman, Benjamin and Beymer, David and McLauchlan, Philip and Malik, Jitendra},
  journal={Transportation Research Part C: Emerging Technologies},
  volume={6},
  number={4},
  pages={271--288},
  year={1998},
  publisher={Elsevier}
}

@article{collins2005online,
  title={Online selection of discriminative tracking features},
  author={Collins, Robert T and Liu, Yanxi and Leordeanu, Marius},
  journal={IEEE transactions on pattern analysis and machine intelligence},
  volume={27},
  number={10},
  pages={1631--1643},
  year={2005},
  publisher={IEEE}
}

@article{jazayeri2011vehicle,
  title={Vehicle detection and tracking in car video based on motion model},
  author={Jazayeri, Amirali and Cai, Hongyuan and Zheng, Jiang Yu and Tuceryan, Mihran},
  journal={IEEE Transactions on Intelligent Transportation Systems},
  volume={12},
  number={2},
  pages={583--595},
  year={2011},
  publisher={IEEE}
}

@article{lin2012integrating,
  title={Integrating appearance and edge features for sedan vehicle detection in the blind-spot area},
  author={Lin, Bin-Feng and Chan, Yi-Ming and Fu, Li-Chen and Hsiao, Pei-Yung and Chuang, Li-An and Huang, Shin-Shinh and Lo, Min-Fang},
  journal={IEEE Transactions on Intelligent Transportation Systems},
  volume={13},
  number={2},
  pages={737--747},
  year={2012},
  publisher={IEEE}
}

@article{do2016multi,
  title={Multi-Resolution Estimation of Optical Flow for Vehicle Tracking},
  author={Do, Viet Dung and Woo, Dong-Min},
  journal={Contemporary Engineering Sciences},
  volume={9},
  pages={843--851},
  year={2016}
}

@article{shi1993good,
  title={Good features to track},
  author={Shi, Jianbo and Tomasi, Carlo},
  journal={Computer Vision and Pattern Recognition},
  pages={593--600},
  year={1994},
  publisher={IEEE}
}

@article{lowe2004distinctive,
  title={Distinctive image features from scale-invariant keypoints},
  author={Lowe, David G},
  journal={International journal of computer vision},
  volume={60},
  number={2},
  pages={91--110},
  year={2004},
  publisher={Springer}
}

@article{lucas1981iterative,
  title={An iterative image registration technique with an application to stereo vision},
  author={Lucas, Bruce D and Kanade, Takeo and others},
  year={1981},
  publisher={Vancouver, British Columbia}
}

@article{shih2017automated,
  title={Automated counting and tracking of vehicles},
  author={Shih, Frank Y and Zhong, Xin},
  journal={International Journal of Pattern Recognition and Artificial Intelligence},
  volume={31},
  number={12},
  pages={1750038},
  year={2017},
  publisher={World Scientific}
}

@article{cortes1995support,
  title={Support-vector networks},
  author={Cortes, Corinna and Vapnik, Vladimir},
  journal={Machine learning},
  volume={20},
  number={3},
  pages={273--297},
  year={1995},
  publisher={Springer}
}

@techreport{rumelhart1985learning,
  title={Learning internal representations by error propagation},
  author={Rumelhart, David E and Hinton, Geoffrey E and Williams, Ronald J},
  year={1985},
  institution={California Univ San Diego La Jolla Inst for Cognitive Science}
}

@inproceedings{zivkovic2004improved,
  title={Improved adaptive Gaussian mixture model for background subtraction},
  author={Zivkovic, Zoran},
  booktitle={Proceedings of the 17th International Conference on Pattern Recognition, 2004. ICPR 2004.},
  volume={2},
  pages={28--31},
  year={2004},
  organization={IEEE}
}